\def\aap{Astronomy \& Astrophysics}
\def\apj{The Astrophysical Journal}
\def\apjs{The Astrophysical Journal Supplement}
\def\mnras{Monthly Notices of the Royal Astronomical Society}
\def\pasp{Publications of the Astronomical Society of the Pacific}

@ARTICLE{2009MmSAI..80..422B,
   author = {{Bertin}, E.},
    title = "{SkyMaker: astronomical image simulations made easy.}",
  journal = {\memsai},
 keywords = {Methods: numerical, Techniques: image processing},
     year = 2009,
   volume = 80,
    pages = {422},
   adsurl = {http://adsabs.harvard.edu/abs/2009MmSAI..80..422B},
  adsnote = {Provided by the SAO/NASA Astrophysics Data System}
},

@MISC{becker_hotpants_2015,
author = {{Becker}, A.},
title = "{HOTPANTS: High Order Transform of PSF ANd Template Subtraction}",
keywords = {Software },
howpublished = {Astrophysics Source Code Library},
year = 2015,
month = apr,
archivePrefix = "ascl",
eprint = {1504.004},
adsurl = {http://adsabs.harvard.edu/abs/2015ascl.soft04004B},
adsnote = {Provided by the SAO/NASA Astrophysics Data System}
},

@ARTICLE{Fawcett2006-hm,
  title    = "An introduction to {ROC} analysis",
  author   = "Fawcett, Tom",
  abstract = "Receiver operating characteristics (ROC) graphs are useful for
              organizing classifiers and visualizing their performance. ROC
              graphs are commonly used in medical decision making, and in
              recent years have been used increasingly in machine learning and
              data mining research. Although ROC graphs are apparently simple,
              there are some common misconceptions and pitfalls when using them
              in practice. The purpose of this article is to serve as an
              introduction to ROC graphs and as a guide for using them in
              research.",
  journal  = "Pattern Recognit. Lett.",
  volume   =  27,
  number   =  8,
  pages    = "861--874",
  month    =  jun,
  year     =  2006,
  keywords = "ROC analysis; Classifier evaluation; Evaluation metrics"
},

@ARTICLE{oelkers_difference_2015,
   author = {{Oelkers}, R.~J. and {Macri}, L.~M. and {Wang}, L. and {Ashley}, M.~C.~B. and 
	{Cui}, X. and {Feng}, L.-L. and {Gong}, X. and {Lawrence}, J.~S. and 
	{Qiang}, L. and {Luong-Van}, D. and {Pennypacker}, C.~R. and 
	{Yang}, H. and {Yuan}, X. and {York}, D.~G. and {Zhou}, X. and 
	{Zhu}, Z.},
    title = "{Difference Image Analysis of Defocused Observations With CSTAR}",
  journal = {\aj},
archivePrefix = "arXiv",
   eprint = {1410.4544},
 primaryClass = "astro-ph.SR",
 keywords = {methods: data analysis, stars: variables: general},
     year = 2015,
    month = feb,
   volume = 149,
      eid = {50},
    pages = {50},
      doi = {10.1088/0004-6256/149/2/50},
   adsurl = {http://adsabs.harvard.edu/abs/2015AJ....149...50O},
  adsnote = {Provided by the SAO/NASA Astrophysics Data System}
}

@INPROCEEDINGS{oelkers_difference_2013,
       author = {{Oelkers}, Ryan J. and {Wang}, L. and {Zhou}, J. and {Macri}, L.~M. and
        {CSTAR} and {PLATO}},
        title = "{Difference Image Analysis of 2009 CSTAR Observations from Dome A in
        Antarctica}",
    booktitle = {American Astronomical Society, AAS Meeting 221, id.352.23},
         year = 2013,
        month = Jan,
       adsurl = {https://ui.adsabs.harvard.edu/#abs/2013AAS...22135223O},
      adsnote = {Provided by the SAO/NASA Astrophysics Data System}
}

@ARTICLE{klencki_robust_2016,
   author = {{Klencki}, J. and {Wyrzykowski}, {\L}. and {Kostrzewa-Rutkowska}, Z. and 
	{Udalski}, A.},
    title = "{Robust Filtering of Artifacts in Difference Imaging for Rapid Transients Detection}",
  journal = {\actaa},
archivePrefix = "arXiv",
   eprint = {1601.06320},
 primaryClass = "astro-ph.IM",
 keywords = {Methods: data analysis, Methods: statistical, Surveys},
     year = 2016,
    month = jan,
   volume = 66,
    pages = {15-29},
   adsurl = {http://adsabs.harvard.edu/abs/2016AcA....66...15K},
  adsnote = {Provided by the SAO/NASA Astrophysics Data System}
},


@ARTICLE{2013MNRAS.435.1047B,
   author = {{Brink}, H. and {Richards}, J.~W. and {Poznanski}, D. and {Bloom}, J.~S. and 
	{Rice}, J. and {Negahban}, S. and {Wainwright}, M.},
    title = "{Using machine learning for discovery in synoptic survey imaging data}",
  journal = {\mnras},
archivePrefix = "arXiv",
   eprint = {1209.3775},
 primaryClass = "astro-ph.IM",
 keywords = {methods: data analysis, methods: statistical, techniques: image processing, surveys, supernovae: general},
     year = 2013,
    month = oct,
   volume = 435,
    pages = {1047-1060},
      doi = {10.1093/mnras/stt1306},
   adsurl = {http://adsabs.harvard.edu/abs/2013MNRAS.435.1047B},
  adsnote = {Provided by the SAO/NASA Astrophysics Data System}
},

@ARTICLE{masci_ipac_2017,
   author = {{Masci}, F.~J. et al.},
    title = "{The IPAC Image Subtraction and Discovery Pipeline for the Intermediate Palomar Transient Factory}",
  journal = {\pasp},
archivePrefix = "arXiv",
   eprint = {1608.01733},
 primaryClass = "astro-ph.IM",
     year = 2017,
    month = jan,
   volume = 129,
   number = 1,
    pages = {014002},
      doi = {10.1088/1538-3873/129/971/014002},
   adsurl = {http://adsabs.harvard.edu/abs/2017PASP..129a4002M},
  adsnote = {Provided by the SAO/NASA Astrophysics Data System}
},

@ARTICLE{2015MNRAS.449..451W,
   author = {{Wright}, D.~E. and {Smartt}, S.~J. and {Smith}, K.~W. and {Miller}, P. and 
	{Kotak}, R. and {Rest}, A. and {Burgett}, W.~S. and {Chambers}, K.~C. and 
	{Flewelling}, H. and {Hodapp}, K.~W. and {Huber}, M. and {Jedicke}, R. and 
	{Kaiser}, N. and {Metcalfe}, N. and {Price}, P.~A. and {Tonry}, J.~L. and 
	{Wainscoat}, R.~J. and {Waters}, C.},
    title = "{Machine learning for transient discovery in Pan-STARRS1 difference imaging}",
  journal = {\mnras},
archivePrefix = "arXiv",
   eprint = {1501.05470},
 primaryClass = "astro-ph.IM",
 keywords = {methods: data analysis, methods: statistical, techniques: image processing, surveys, supernovae: general},
     year = 2015,
    month = may,
   volume = 449,
    pages = {451-466},
      doi = {10.1093/mnras/stv292},
   adsurl = {http://adsabs.harvard.edu/abs/2015MNRAS.449..451W},
  adsnote = {Provided by the SAO/NASA Astrophysics Data System}
},

@ARTICLE{Hand2009-rx,
  title    = "Measuring classifier performance: a coherent alternative to the
              area under the {ROC} curve",
  author   = "Hand, David J",
  abstract = "The area under the ROC curve (AUC) is a very widely used measure
              of performance for classification and diagnostic rules. It has
              the appealing property of being objective, requiring no
              subjective input from the user. On the other hand, the AUC has
              disadvantages, some of which are well known. For example, the AUC
              can give potentially misleading results if ROC curves cross.
              However, the AUC also has a much more serious deficiency, and one
              which appears not to have been previously recognised. This is
              that it is fundamentally incoherent in terms of misclassification
              costs: the AUC uses different misclassification cost
              distributions for different classifiers. This means that using
              the AUC is equivalent to using different metrics to evaluate
              different classification rules. It is equivalent to saying that,
              using one classifier, misclassifying a class 1 point is p times
              as serious as misclassifying a class 0 point, but, using another
              classifier, misclassifying a class 1 point is P times as serious,
              where p$\neq$P. This is nonsensical because the relative
              severities of different kinds of misclassifications of individual
              points is a property of the problem, not the classifiers which
              happen to have been chosen. This property is explored in detail,
              and a simple valid alternative to the AUC is proposed.",
  journal  = "Mach. Learn.",
  volume   =  77,
  number   =  1,
  pages    = "103--123",
  month    =  oct,
  year     =  2009
}
@Article{Guyon2002,
author="Guyon, Isabelle
and Weston, Jason
and Barnhill, Stephen
and Vapnik, Vladimir",
title="Gene Selection for Cancer Classification using Support Vector Machines",
journal="Machine Learning",
year="2002",
month="Jan",
day="01",
volume="46",
number="1",
pages="389--422",
abstract="DNA micro-arrays now permit scientists to screen thousands of genes simultaneously and determine whether those genes are active, hyperac
tive or silent in normal or cancerous tissue. Because these new micro-array devices generate bewildering amounts of raw data, new analytical metho
ds must be developed to sort out whether cancer tissues have distinctive signatures of gene expression over normal tissues or other types of cance
r tissues.",
issn="1573-0565",
doi="10.1023/A:1012487302797",
url="https://doi.org/10.1023/A:1012487302797"
}

@article{pearson1901lap,
    author = {Pearson, K.},
    citeulike-article-id = {2013414},
    journal = {Philosophical Magazine},
    keywords = {pca},
    number = {6},
    pages = {559--572},
    posted-at = {2007-11-29 10:41:36},
    priority = {2},
    title = {{On lines and planes of closest fit to systems of points in space}},
    volume = {2},
    year = {1901}
}



@article{diaz_observations_2017,
  author={M. C. D\'{\i}az and L. M. Macri and D. Garcia Lambas and C. Mendes de Oliveira and J. L. Nilo Castell\'on and T. Ribeiro and B. S\'anchez and W. Schoenell and L. R. Abramo}, 
  title={Observations of the First Electromagnetic Counterpart to a Gravitational-wave Source by the TOROS Collaboration},
  journal={\apjl},
  volume={848},
  number={2},
  pages={L29},
  url={http://stacks.iop.org/2041-8205/848/i=2/a=L29},
  year={2017},
}
	
@article{abbott_multi_2017,
  author={B. P. Abbott and R. Abbott and T. D. Abbott and F. Acernese and K. Ackley and C. Adams and T. Adams and P. Addesso},
  title={Multi-messenger Observations of a Binary Neutron Star Merger},
  journal={\apjl},
  volume={848},
  number={2},
  pages={L12},
  url={http://stacks.iop.org/2041-8205/848/i=2/a=L12},
  year={2017},
}
	
@ARTICLE{alard_method_1998,
   author = {{Alard}, C. and {Lupton}, R.~H.},
    title = "{A Method for Optimal Image Subtraction}",
  journal = {\apj},
   eprint = {astro-ph/9712287},
 keywords = {METHODS: DATA ANALYSIS, METHODS: STATISTICAL, TECHNIQUES: IMAGE PROCESSING, Methods: Data Analysis, Methods: Statistical, Techniques: Image Processing},
     year = 1998,
    month = aug,
   volume = 503,
    pages = {325-331},
      doi = {10.1086/305984},
   adsurl = {http://adsabs.harvard.edu/abs/1998ApJ...503..325A},
  adsnote = {Provided by the SAO/NASA Astrophysics Data System}
}

@INPROCEEDINGS{surace_palomar_2015,
   author = {{Surace}, J. and {Laher}, R. and {Masci}, F. and {Grillmair}, C. and 
	{Helou}, G.},
    title = "{The Palomar Transient Factory: High Quality Realtime Data Processing in a Cost-Constrained Environment}",
booktitle = {Astronomical Data Analysis Software an Systems XXIV (ADASS XXIV)},
     year = 2015,
   series = {Astronomical Society of the Pacific Conference Series},
   volume = 495,
archivePrefix = "arXiv",
   eprint = {1501.06007},
 primaryClass = "astro-ph.IM",
   editor = {{Taylor}, A.~R. and {Rosolowsky}, E.},
    month = sep,
    pages = {197},
   adsurl = {http://adsabs.harvard.edu/abs/2015ASPC..495..197S},
  adsnote = {Provided by the SAO/NASA Astrophysics Data System}
}

@ARTICLE{firth_rising_2014,
   author = {{Firth}, R.~E. and {Sullivan}, M. and {Gal-Yam}, A. and {Howell}, D.~A. and 
	{Maguire}, K. and {Nugent}, P. and {Piro}, A.~L. and {Baltay}, C. and 
	{Feindt}, U. and {Hadjiyksta}, E. and {McKinnon}, R. and {Ofek}, E. and 
	{Rabinowitz}, D. and {Walker}, E.~S.},
    title = "{The rising light curves of Type Ia supernovae}",
  journal = {\mnras},
archivePrefix = "arXiv",
   eprint = {1411.1064},
 primaryClass = "astro-ph.HE",
 keywords = {supernovae: general},
     year = 2015,
    month = feb,
   volume = 446,
    pages = {3895-3910},
      doi = {10.1093/mnras/stu2314},
   adsurl = {http://adsabs.harvard.edu/abs/2015MNRAS.446.3895F},
  adsnote = {Provided by the SAO/NASA Astrophysics Data System}
}

@INPROCEEDINGS{bellm_zwicky_2014,
   author = {{Bellm}, E.~C. and {Kulkarni}, S.~R. and {ZTF Collaboration}
	},
    title = "{The Zwicky Transient Facility}",
booktitle = {American Astronomical Society Meeting Abstracts},
     year = 2015,
   series = {American Astronomical Society Meeting Abstracts},
   volume = 225,
    month = jan,
      eid = {328.04},
    pages = {328.04},
   adsurl = {http://adsabs.harvard.edu/abs/2015AAS...22532804B},
  adsnote = {Provided by the SAO/NASA Astrophysics Data System}
}

@ARTICLE{laher_ipac_2014,
   author = {{Laher}, R.~R. and {Surace}, J. and {Grillmair}, C.~J. and {Ofek}, E.~O. and 
	{Levitan}, D. and {Sesar}, B. and {van Eyken}, J.~C. and {Law}, N.~M. and 
	{Helou}, G. and {Hamam}, N. and {Masci}, F.~J. and {Mattingly}, S. and 
	{Jackson}, E. and {Hacopeans}, E. and {Mi}, W. and {Groom}, S. and 
	{Teplitz}, H. and {Desai}, V. and {Hale}, D. and {Smith}, R. and 
	{Walters}, R. and {Quimby}, R. and {Kasliwal}, M. and {Horesh}, A. and 
	{Bellm}, E. and {Barlow}, T. and {Waszczak}, A. and {Prince}, T.~A. and 
	{Kulkarni}, S.~R.},
    title = "{IPAC Image Processing and Data Archiving for the Palomar Transient Factory}",
  journal = {\pasp},
archivePrefix = "arXiv",
   eprint = {1404.1953},
 primaryClass = "astro-ph.IM",
     year = 2014,
    month = jul,
   volume = 126,
    pages = {674},
      doi = {10.1086/677351},
   adsurl = {http://adsabs.harvard.edu/abs/2014PASP..126..674L},
  adsnote = {Provided by the SAO/NASA Astrophysics Data System}
}

@article{pan_host_2014,
   author = {{Pan}, Y.-C. and {Sullivan}, M. and {Maguire}, K. and {Hook}, I.~M. and 
	{Nugent}, P.~E. and {Howell}, D.~A. and {Arcavi}, I. and {Botyanszki}, J. and 
	{Cenko}, S.~B. and {DeRose}, J. and {Fakhouri}, H.~K. and {Gal-Yam}, A. and 
	{Hsiao}, E. and {Kulkarni}, S.~R. and {Laher}, R.~R. and {Lidman}, C. and 
	{Nordin}, J. and {Walker}, E.~S. and {Xu}, D.},
    title = "{The host galaxies of Type Ia supernovae discovered by the Palomar Transient Factory}",
  journal = {\mnras},
archivePrefix = "arXiv",
   eprint = {1311.6344},
 keywords = {supernovae: general, cosmology: observations, distance scale},
     year = 2014,
    month = feb,
   volume = 438,
    pages = {1391-1416},
      doi = {10.1093/mnras/stt2287},
   adsurl = {http://adsabs.harvard.edu/abs/2014MNRAS.438.1391P},
  adsnote = {Provided by the SAO/NASA Astrophysics Data System}
}

@article{lee_using_2013,
   author = {{Lee}, C.-H. and {Ngeow}, C.-C. and {Ting-Chang Yang}, M. and 
	{Ip}, W.-H. and {Kwok-Hing Kong}, A. and {Laher}, R.~R. and 
	{Surace}, J.},
    title = "{Using the Palomar Transient Factory to Search for Ultra-Long-Period Cepheid Candidates in M31}",
  journal = {ArXiv e-prints},
archivePrefix = "arXiv",
   eprint = {1309.5127},
 primaryClass = "astro-ph.SR",
 keywords = {Astrophysics - Solar and Stellar Astrophysics},
     year = 2013,
    month = sep,
   adsurl = {http://adsabs.harvard.edu/abs/2013arXiv1309.5127L},
  adsnote = {Provided by the SAO/NASA Astrophysics Data System}
}

@article{shamir_wndchrm_2008,
	title = {Wndchrm – an open source utility for biological image analysis},
	volume = {3},
	copyright = {2008 Shamir et al; licensee BioMed Central Ltd.},
	issn = {1751-0473},
	url = {http://www.scfbm.org/content/3/1/13/abstract},
	doi = {10.1186/1751-0473-3-13},
	abstract = {PMID: 18611266},
	language = {en},
	number = {1},
	urldate = {2015-08-14},
	journal = {Source Code for Biology and Medicine},
	author = {Shamir, Lior and Orlov, Nikita and Eckley, D. Mark and Macura, Tomasz and Johnston, Josiah and Goldberg, Ilya G.},
	month = jul,
	year = {2008},
	pmid = {18611266},
	pages = {13}
}

@article{bramich_new_2008,
   author = {{Bramich}, D.~M.},
    title = "{A new algorithm for difference image analysis}",
  journal = {\mnras},
archivePrefix = "arXiv",
   eprint = {0802.1273},
 keywords = {methods: statistical, techniques: image processing, techniques: photometric},
     year = 2008,
    month = may,
   volume = 386,
    pages = {L77-L81},
      doi = {10.1111/j.1745-3933.2008.00464.x},
   adsurl = {http://adsabs.harvard.edu/abs/2008MNRAS.386L..77B},
  adsnote = {Provided by the SAO/NASA Astrophysics Data System}
}

@INPROCEEDINGS{phillips_registering_1995,
   author = {{Phillips}, A.~C. and {Davis}, L.~E.},
    title = {Registering, PSF-Matching and Intensity-Matching Images in IRAF},
booktitle = {Astronomical Data Analysis Software and Systems IV},
     year = 1995,
   series = {ASP Conference Series},
   volume = 77,
    pages = {297},
   adsurl = {http://adsabs.harvard.edu/abs/1995ASPC...77..297P},
  adsnote = {Provided by the SAO/NASA Astrophysics Data System}
}

@ARTICLE{zackay_proper_2016,
   author = {{Zackay}, B. and {Ofek}, E.~O. and {Gal-Yam}, A.},
    title = "{Proper Image Subtraction: Optimal Transient Detection, Photometry, and Hypothesis Testing}",
  journal = {\apj},
archivePrefix = "arXiv",
   eprint = {1601.02655},
 primaryClass = "astro-ph.IM",
 keywords = {gravitational lensing: micro, methods: data analysis, methods: statistical, surveys, techniques: image processing, techniques: photometric },
     year = 2016,
    month = oct,
   volume = 830,
      eid = {27},
    pages = {27},
      doi = {10.3847/0004-637X/830/1/27},
   adsurl = {http://adsabs.harvard.edu/abs/2016ApJ...830...27Z},
  adsnote = {Provided by the SAO/NASA Astrophysics Data System}
}

@ARTICLE{2015arXiv151206872Z,   
author = {{Zackay}, B. and {Ofek}, E.~O.},
    title = "{How to COAAD Images. I. Optimal Source Detection and Photometry of Point Sources Using Ensembles of Images}",
  journal = {\apj},
archivePrefix = "arXiv",
   eprint = {1512.06872},
 primaryClass = "astro-ph.IM",
 keywords = {cosmology: observations, gravitational lensing: weak, methods: data analysis, surveys, techniques: image processing, techniques: photometric},
     year = 2017,
    month = feb,
   volume = 836,
      eid = {187},
    pages = {187},
      doi = {10.3847/1538-4357/836/2/187},
   adsurl = {http://adsabs.harvard.edu/abs/2017ApJ...836..187Z},
  adsnote = {Provided by the SAO/NASA Astrophysics Data System}
}


@ARTICLE{2015arXiv151206879Z,
   author = {{Zackay}, B. and {Ofek}, E.~O.},
    title = "{How to COAAD Images. II. A Coaddition Image that is Optimal for Any Purpose in the Background-dominated Noise Limit}",
  journal = {\apj},
archivePrefix = "arXiv",
   eprint = {1512.06879},
 primaryClass = "astro-ph.IM",
 keywords = {gravitational lensing: weak, instrumentation: high angular resolution, methods: data analysis, methods: statistical, techniques: image processing, techniques: photometric},
     year = 2017,
    month = feb,
   volume = 836,
      eid = {188},
    pages = {188},
      doi = {10.3847/1538-4357/836/2/188},
   adsurl = {http://adsabs.harvard.edu/abs/2017ApJ...836..188Z},
  adsnote = {Provided by the SAO/NASA Astrophysics Data System}
}

@INPROCEEDINGS{lauer_deconvolution_2002,
   author = {{Lauer}, T.},
    title = {},
booktitle = {Astronomical Data Analysis II},
     year = 2002,
   volume = 4847,
   eprint = {astro-ph/0208247},
   editor = {{Starck}, J.-L. and {Murtagh}, F.~D.},
    month = dec,
    pages = {167-173},
      doi = {10.1117/12.461035},
   adsurl = {http://adsabs.harvard.edu/abs/2002SPIE.4847..167L},
  adsnote = {Provided by the SAO/NASA Astrophysics Data System}
}

@ARTICLE{sesar_exploring_2007,
   author = {{Sesar}, B. and {Ivezi{\'c}}, {\v Z}. et al},
    title = "{Exploring the Variable Sky with the Sloan Digital Sky Survey}",
  journal = {\aj},
archivePrefix = "arXiv",
   eprint = {0704.0655},
 keywords = {Galaxy: halo, Galaxy: stellar content, quasars: general, stars: Population II, stars: variables: other},
     year = 2007,
    month = dec,
   volume = 134,
    pages = {2236-2251},
      doi = {10.1086/521819},
   adsurl = {http://adsabs.harvard.edu/abs/2007AJ....134.2236S},
  adsnote = {Provided by the SAO/NASA Astrophysics Data System}
}

@ARTICLE{kasen_opacities_2013,
   author = {{Kasen}, D. and {Badnell}, N.~R. and {Barnes}, J.},
    title = "{Opacities and Spectra of the r-process Ejecta from Neutron Star Mergers}",
  journal = {\aj},
archivePrefix = "arXiv",
   eprint = {1303.5788},
 primaryClass = "astro-ph.HE",
 keywords = {gravitational waves, nuclear reactions, nucleosynthesis, abundances, opacity, radiative transfer, stars: neutron, supernovae: general },
     year = 2013,
    month = sep,
   volume = 774,
      eid = {25},
    pages = {25},
      doi = {10.1088/0004-637X/774/1/25},
   adsurl = {http://adsabs.harvard.edu/abs/2013ApJ...774...25K},
  adsnote = {Provided by the SAO/NASA Astrophysics Data System}
}

@ARTICLE{barnes_radioactivity_2016,
   author = {{Barnes}, J. and {Kasen}, D. and {Wu}, M.-R. and {Mart{\'{\i}}nez-Pinedo}, G.
	},
    title = "{Radioactivity and Thermalization in the Ejecta of Compact Object Mergers and Their Impact on Kilonova Light Curves}",
  journal = {\aj},
archivePrefix = "arXiv",
   eprint = {1605.07218},
 primaryClass = "astro-ph.HE",
 keywords = {nuclear reactions, nucleosynthesis, abundances, radiative transfer, stars: black holes, stars: neutron },
     year = 2016,
    month = oct,
   volume = 829,
      eid = {110},
    pages = {110},
      doi = {10.3847/0004-637X/829/2/110},
   adsurl = {http://adsabs.harvard.edu/abs/2016ApJ...829..110B},
  adsnote = {Provided by the SAO/NASA Astrophysics Data System}
}

@article{PhysRevLett.116.061102,
  title = {Observation of Gravitational Waves from a Binary Black Hole Merger},
  author = {Abbott, B. P. and The LIGO Scientific Collaboration},
  collaboration = {LIGO Scientific Collaboration and Virgo Collaboration},
  journal = {\prl},
  volume = {116},
  issue = {6},
  pages = {061102},
  numpages = {16},
  year = {2016},
  month = {Feb},
  publisher = {American Physical Society},
  doi = {10.1103/PhysRevLett.116.061102},
  url = {http://link.aps.org/doi/10.1103/PhysRevLett.116.061102}
}

@ARTICLE{lsst_lsst_2009,
   author = {{LSST Science Collaboration} and {Abell}, P.~A. and {Allison}, J. and 
	{Anderson}, S.~F. and {Andrew}, J.~R. and {Angel}, J.~R.~P. and 
	{Armus}, L. and {Arnett}, D. and {Asztalos}, S.~J. and {Axelrod}, T.~S. and et al.},
    title = "{LSST Science Book, Version 2.0}",
  journal = {ArXiv e-prints},
archivePrefix = "arXiv",
   eprint = {0912.0201},
 primaryClass = "astro-ph.IM",
 keywords = {Astrophysics - Instrumentation and Methods for Astrophysics, Astrophysics - Cosmology and Extragalactic Astrophysics, Astrophysics - Earth and Planetary Astrophysics, Astrophysics - Galaxy Astrophysics, Astrophysics - Solar and Stellar Astrophysics},
     year = 2009,
    month = dec,
   adsurl = {http://adsabs.harvard.edu/abs/2009arXiv0912.0201L},
  adsnote = {Provided by the SAO/NASA Astrophysics Data System}
}

@ARTICLE{ivezic_lsst_2008,
   author = {Ivezic and {for the LSST Collaboration}
	},
    title = "{LSST: from Science Drivers to Reference Design and Anticipated Data Products}",
  journal = {ArXiv e-prints},
archivePrefix = "arXiv",
   eprint = {0805.2366},
 keywords = {Astrophysics},
     year = 2008,
    month = may,
   adsurl = {http://adsabs.harvard.edu/abs/2008arXiv0805.2366I},
  adsnote = {Provided by the SAO/NASA Astrophysics Data System}
}

@INBOOK{2012amld.book..213F,
   author = {{Fortson}, L. and {Masters}, K. and {Nichol}, R. and {Borne}, K.~D. and 
	{Edmondson}, E.~M. and {Lintott}, C. and {Raddick}, J. and {Schawinski}, K. and 
	{Wallin}, J.},
    title = "{Galaxy Zoo: Morphological Classification and Citizen Science}",
booktitle = {Advances in Machine Learning and Data Mining for Astronomy},
     year = 2012,
    month = mar,
    pages = {213-236},
    publisher={CRC Press, Taylor and Francis Group},
   adsurl = {http://adsabs.harvard.edu/abs/2012amld.book..213F},
  adsnote = {Provided by the SAO/NASA Astrophysics Data System}}

@ARTICLE{lau_palomar_2009,
   author = {{Law}, N.~M. and {Kulkarni}, S.~R. and {Dekany}, R.~G. and {Ofek}, E.~O. and 
	{Quimby}, R.~M. and {Nugent}, P.~E. and {Surace}, J. and {Grillmair}, C.~C. and 
	{Bloom}, J.~S. and {Kasliwal}, M.~M. et al.},
    title = "{The Palomar Transient Factory: System Overview, Performance, and First Results}",
  journal = {\pasp},
archivePrefix = "arXiv",
   eprint = {0906.5350},
 primaryClass = "astro-ph.IM",
     year = 2009,
    month = dec,
   volume = 121,
    pages = {1395},
      doi = {10.1086/648598},
   adsurl = {http://adsabs.harvard.edu/abs/2009PASP..121.1395L},
  adsnote = {Provided by the SAO/NASA Astrophysics Data System}
}

@book{hastie01statisticallearning,
  added-at = {2008-05-16T16:17:42.000+0200},
  address = {New York, NY, USA},
  author = {Hastie, Trevor and Tibshirani, Robert and Friedman, Jerome},
  biburl = {https://www.bibsonomy.org/bibtex/2f58afc5c9793fcc8ad8389824e57984c/sb3000},
  interhash = {d585aea274f2b9b228fc1629bc273644},
  intrahash = {f58afc5c9793fcc8ad8389824e57984c},
  keywords = {ml statistics},
  publisher = {Springer New York Inc.},
  series = {Springer Series in Statistics},
  timestamp = {2008-05-16T16:17:43.000+0200},
  title = {The Elements of Statistical Learning},
  year = 2001
}

@article{pedregosa2011scikit,
  title={Scikit-learn: Machine learning in Python},
  author={Pedregosa, Fabian and Varoquaux, Ga{\"e}l and Gramfort, Alexandre and Michel, Vincent and Thirion, Bertrand and Grisel, Olivier and Blondel, Mathieu and Prettenhofer, Peter and Weiss, Ron and Dubourg, Vincent and others},
  journal={Journal of Machine Learning Research},
  volume={12},
  number={Oct},
  pages={2825--2830},
  year={2011}
}

@article{breiman2001random,
  title={Random forests},
  author={Breiman, Leo},
  journal={Machine learning},
  volume={45},
  number={1},
  pages={5--32},
  year={2001},
  publisher={Springer}
}

@book{Mitchell_1997,
 author = {Mitchell, Thomas M.},
 title = {Machine Learning},
 year = {1997},
 isbn = {0070428077, 9780070428072},
 edition = {1},
 publisher = {McGraw-Hill, Inc.},
 address = {New York, NY, USA},
} 

@article{neyman_pearson_1933, 
         title={The testing of statistical hypotheses in relation to probabilities a priori}, 
         volume={29}, 
         DOI={10.1017/S030500410001152X}, 
         number={4}, 
         journal={Mathematical Proceedings of the Cambridge Philosophical Society}, 
         publisher={Cambridge University Press}, 
         author={Neyman, J. and Pearson, E. S.}, 
         year={1933}, 
         pages={492–510}}

@article{Neyman289,
	author = {Neyman, J. and Pearson, E. S.},
	title = {On the Problem of the Most Efficient Tests of Statistical Hypotheses},
	volume = {231},
	number = {694-706},
	pages = {289--337},
	year = {1933},
	doi = {10.1098/rsta.1933.0009},
	publisher = {The Royal Society},
	issn = {0264-3952},
	URL = {http://rsta.royalsocietypublishing.org/content/231/694-706/289},
	eprint = {http://rsta.royalsocietypublishing.org/content/231/694-706/289.full.pdf},
	journal = {Philosophical Transactions of the Royal Society of London A: Mathematical, Physical and Engineering Sciences}
}

@ARTICLE{rau_exploring_2009,
   author = {{Rau}, A. and {Kulkarni}, S.~R. and {Law}, N.~M. and {Bloom}, J.~S. and 
	{Ciardi}, D. and {Djorgovski}, G.~S. et al.},
    title = "{Exploring the Optical Transient Sky with the Palomar Transient Factory}",
  journal = {\pasp},
archivePrefix = "arXiv",
   eprint = {0906.5355},
 primaryClass = "astro-ph.CO",
     year = 2009,
    month = dec,
   volume = 121,
    pages = {1334},
      doi = {10.1086/605911},
   adsurl = {http://adsabs.harvard.edu/abs/2009PASP..121.1334R},
  adsnote = {Provided by the SAO/NASA Astrophysics Data System}
}

@INPROCEEDINGS{2010fym..confE..32D,
   author = {{Djorgovski}, S.~G. and {Drake}, A.~J. and {Mahabal}, A.~A. and 
	{Graham}, M.~J. and {Donalek}, C. and {Beshore}, E. and {Larson}, S.
	},
    title = "{Exploring the Variable Sky with the Catalina Real-Time Transient Survey}",
booktitle = {The First Year of MAXI: Monitoring Variable X-ray Sources},
     year = 2010,
    month = dec,
      eid = {32},
    pages = {32},
   adsurl = {http://adsabs.harvard.edu/abs/2010fym..confE..32D},
  adsnote = {Provided by the SAO/NASA Astrophysics Data System}
}

@article{Domingos:2012:FUT:2347736.2347755,
 author = {Domingos, Pedro},
 title = {A Few Useful Things to Know About Machine Learning},
 journal = {Commun. ACM},
 issue_date = {October 2012},
 volume = {55},
 number = {10},
 month = oct,
 year = {2012},
 issn = {0001-0782},
 pages = {78--87},
 numpages = {10},
 url = {http://doi.acm.org/10.1145/2347736.2347755},
 doi = {10.1145/2347736.2347755},
 acmid = {2347755},
 publisher = {ACM},
 address = {New York, NY, USA},
} 

@ARTICLE{bloom_automating_2011,
   author = {{Bloom}, J.~S. and {Richards}, J.~W. and {Nugent}, P.~E. and 
	{Quimby}, R.~M. and {Kasliwal}, M.~M. and {Starr}, D.~L. and 
	{Poznanski}, D. and {Ofek}, E.~O. and {Cenko}, S.~B. and {Butler}, N.~R. and 
	{Kulkarni}, S.~R. and {Gal-Yam}, A. and {Law}, N.},
    title = "{Automating Discovery and Classification of Transients and Variable Stars in the Synoptic Survey Era}",
  journal = {\pasp},
archivePrefix = "arXiv",
   eprint = {1106.5491},
 primaryClass = "astro-ph.IM",
     year = 2012,
    month = nov,
   volume = 124,
    pages = {1175},
      doi = {10.1086/668468},
   adsurl = {http://adsabs.harvard.edu/abs/2012PASP..124.1175B},
  adsnote = {Provided by the SAO/NASA Astrophysics Data System}
}

@ARTICLE{cabral_corral_2017,
   author = {{Cabral}, J.~B. and {S{\'a}nchez}, B. and {Beroiz}, M. and {Dom{\'{\i}}nguez}, M. and 
	{Lares}, M. and {Gurovich}, S. and {Granitto}, P.},
    title = "{Corral framework: Trustworthy and fully functional data intensive parallel astronomical pipelines}",
  journal = {Astronomy and Computing},
archivePrefix = "arXiv",
   eprint = {1701.05566},
 primaryClass = "astro-ph.IM",
 keywords = {Astroinformatics, Astronomical pipeline, Software and its engineering, Multiprocessing, Design patterns},
     year = 2017,
    month = jul,
   volume = 20,
    pages = {140-154},
      doi = {10.1016/j.ascom.2017.07.003},
   adsurl = {http://adsabs.harvard.edu/abs/2017A%26C....20..140C},
  adsnote = {Provided by the SAO/NASA Astrophysics Data System}
}


@ARTICLE{sedaghat_and_mahabal_2017,
   author = {{Sedaghat}, N. and {Mahabal}, A.},
    title = "{Effective Image Differencing with ConvNets for Real-time Transient Hunting}",
  journal = {ArXiv e-prints},
archivePrefix = "arXiv",
   eprint = {1710.01422},
 primaryClass = "astro-ph.IM",
 keywords = {Astrophysics - Instrumentation and Methods for Astrophysics, Computer Science - Computer Vision and Pattern Recognition},
     year = 2017,
    month = oct,
   adsurl = {http://adsabs.harvard.edu/abs/2017arXiv171001422S},
  adsnote = {Provided by the SAO/NASA Astrophysics Data System}
}

@article{renzi2009caracterizacion,
  title={Caracterizaci{\'o}n astron{\'o}mica del sitio Cord{\'o}n Mac{\'o}n en la provincia de Salta},
  author={Renzi, V and Vrech, R and Ferreiro, D and Lambas, D Garc{\i}a and Solinas, M and Muriel, H and Viramonte, J and Sarazin, M and Recabarren, P},
  journal={Bolet\'{\i}n de la Asociaci\'on Argentina de Astronom\'{\i}a},
  volume={52},
  pages={285--288},
  year={2009}
}

@article{white_list_2011,
  author={Darren J White and E J Daw and V S Dhillon},
  title={A list of galaxies for gravitational wave searches},
  journal={Classical and Quantum Gravity},
  volume={28},
  number={8},
  pages={085016},
  url={http://stacks.iop.org/0264-9381/28/i=8/a=085016},
  year={2011}
}

@article{sanchez_2018b,
  author={Sanchez, B. and Beroiz, M. and Diaz, M. and Macri, L. and Dominguez M.},
  journal={in prep.},
  title={No BH EM emission},
  year={2018}
}

@MISC{bertin_swarp_2010,
   author = {{Bertin}, E.},
    title = "{SWarp: Resampling and Co-adding FITS Images Together}",
 keywords = {Software},
howpublished = {Astrophysics Source Code Library},
     year = 2010,
    month = oct,
archivePrefix = "ascl",
   eprint = {1010.068},
   adsurl = {http://adsabs.harvard.edu/abs/2010ascl.soft10068B},
  adsnote = {Provided by the SAO/NASA Astrophysics Data System}
}

@article{ligo_gw170104_2017,
  title = {GW170104: Observation of a 50-Solar-Mass Binary Black Hole Coalescence at Redshift 0.2},
  author = {Abbott, B. P. and Abbott, R. and Abbott, T. D. and Acernese, F. and Ackley, K. and Adams, C. and Adams, T. et al.},
  collaboration = {LIGO Scientific and Virgo Collaboration},
  journal = {\prl},
  volume = {118},
  issue = {22},
  pages = {221101},
  numpages = {17},
  year = {2017},
  month = {Jun},
  publisher = {American Physical Society},
  doi = {10.1103/PhysRevLett.118.221101},
  url = {https://link.aps.org/doi/10.1103/PhysRevLett.118.221101}
}

@article{chawla_smote_2011,
  title={SMOTE: synthetic minority over-sampling technique},
  author={Chawla, Nitesh V and Bowyer, Kevin W and Hall, Lawrence O and Kegelmeyer, W Philip},
  journal={Journal of artificial intelligence research},
  volume={16},
  pages={321--357},
  year={2002}
}

@ARTICLE{diaz_toros_2016,
   author = {{D{\'{\i}}az}, M.~C. and  TOROS Collaboration},
    title = "{GW150914: First Search for the Electromagnetic Counterpart of a Gravitational-wave Event by the TOROS Collaboration}",
  journal = {\apjl},
archivePrefix = "arXiv",
   eprint = {1607.07850},
 primaryClass = "astro-ph.HE",
 keywords = {gravitational waves, techniques: image processing},
     year = 2016,
    month = sep,
   volume = 828,
      eid = {L16},
    pages = {L16},
      doi = {10.3847/2041-8205/828/2/L16},
   adsurl = {http://adsabs.harvard.edu/abs/2016ApJ...828L..16D},
  adsnote = {Provided by the SAO/NASA Astrophysics Data System}
}

@article{garofalo2016astrophysics,
  title={Astrophysics and Big Data: Challenges, Methods, and Tools},
  author={Garofalo, Mauro and Botta, Alessio and Ventre, Giorgio},
  journal={Proceedings of the International Astronomical Union},
  volume={12},
  number={S325},
  pages={345--348},
  year={2016},
  publisher={Cambridge University Press}
}
@article{willett2013galaxy,
  title={Galaxy Zoo 2: detailed morphological classifications for 304 122 galaxies from the Sloan Digital Sky Survey},
  author={Willett, Kyle W and Lintott, Chris J and Bamford, Steven P and Masters, Karen L and Simmons, Brooke D and Casteels, Kevin RV and Edmondson, Edward M and Fortson, Lucy F and Kaviraj, Sugata and Keel, William C and others},
  journal={Monthly Notices of the Royal Astronomical Society},
  volume={435},
  number={4},
  pages={2835--2860},
  year={2013},
  publisher={Oxford University Press}
}
@article{gonzalez2018galaxy,
  title={Galaxy detection and identification using deep learning and data augmentation},
  author={Gonz{\'a}lez, Roberto E and Mu{\~n}oz, Roberto P and Hern{\'a}ndez, Cristian A},
  journal={Astronomy and Computing},
  year={2018},
  publisher={Elsevier}
}
@article{dai2018galaxy,
  title={Galaxy Morphology Classification with Deep Convolutional Neural Networks},
  author={Dai, Jia-Ming and Tong, Jizhou},
  journal={arXiv preprint arXiv:1807.10406},
  year={2018}
}